<?xml version="1.0" encoding="UTF-8"?><collection xmlns="http://www.loc.gov/MARC21/slim"><record><leader>00581nam--2200193-u-4500</leader><controlfield tag="001">000056270</controlfield><controlfield tag="002">20161230</controlfield><controlfield tag="005">20170108212801</controlfield><controlfield tag="008">150323s1000------------r-----000-0-eng-d</controlfield><datafield ind1=" " ind2=" " tag="040"><subfield code="a">IFIN-HH</subfield></datafield><datafield ind1=" " ind2=" " tag="080"><subfield code="a">53</subfield></datafield><datafield ind1="1" ind2=" " tag="100"><subfield code="a">Abdullaev, Fatkhulla Kh</subfield></datafield><datafield ind1="1" ind2="0" tag="245"><subfield code="a">Nonlinear waves: classical and quantum aspects</subfield><subfield code="c">Fatkhulla Kh. Abdullaev, Vladimir V. Konotop (eds.)</subfield></datafield><datafield ind1=" " ind2=" " tag="260"><subfield code="a">Dordercht</subfield><subfield code="b">Kluwer Academic Publishers</subfield><subfield code="c">2004</subfield></datafield><datafield ind1=" " ind2=" " tag="300"><subfield code="a">XXVII+555 p</subfield></datafield><datafield ind1=" " ind2=" " tag="490"><subfield code="a">Nato Science Series, 153</subfield></datafield><datafield ind1="1" ind2=" " tag="700"><subfield code="a">Konotop, Vladimir V</subfield><subfield code="e">Ed</subfield></datafield><datafield ind1=" " ind2=" " tag="852"><subfield code="a">42270</subfield><subfield code="c">53</subfield></datafield><datafield ind1=" " ind2=" " tag="CAT"><subfield code="a">SYS</subfield><subfield code="c">20170108</subfield><subfield code="h">212801</subfield></datafield></record></collection>